@article{dont,
author = {Vikas Mishra and Pierre Laperdrix and Antoine Vastel and Walter Rudametkin and Romain Rouvoy and Martin Lopatka},
year = {2020},
title = {Donâ€™t count me out: On the relevance of IP addresses in the tracking ecosystem},
journal = {HAL}
}

@book{on,
  author = {Philippe Golle and Kurt Partridge},
  year = {2009},
  title = {On the Anonymity of Home/Work Location Pairs},
  journal = {Springer, Berlin, Heidelberg}
}

@misc{deg,
   author = {Wikipedia contributors},
   title = {Decimal degrees --- {W}ikipedia{,} The Free Encyclopedia},
   year = {2020},
   url = {https://en.wikipedia.org/wiki/Decimal_degrees},
   note = {Online; accessed 08-May-2020}
 }

@misc{PS_Scheme,
    author = {David Pointcheval and Olivier Sanders},
    title = {Short Randomizable Signatures},
    howpublished = {Cryptology ePrint Archive, Report 2015/525},
    year = {2015},
    note = {\url{https://eprint.iacr.org/2015/525}},
}

@inproceedings{FSheuristic,
author = {Fiat, Amos and Shamir, Adi},
year = {1999},
month = {03},
pages = {},
title = {How To Prove Yourself: Practical Solutions to Identification and Signature Problems},
volume = {263},
doi = {10.1007/3-540-47721-7_12}
}

@inproceedings{tor_classification,
author = {Kim, Minsu and Anpalagan, Alagan},
year = {2018},
month = {07},
pages = {187-190},
title = {Tor Traffic Classification from Raw Packet Header using Convolutional Neural Network},
doi = {10.1109/ICKII.2018.8569113}
}

@ARTICLE{dl_encrypted,
  author={S. {Rezaei} and X. {Liu}},
  journal={IEEE Communications Magazine}, 
  title={Deep Learning for Encrypted Traffic Classification: An Overview}, 
  year={2019},
  volume={57},
  number={5},
  pages={76-81},}

